@book{bao2007process,
  title={Process Control: The Passive Systems Approach},
  author={Bao, J. and Lee, P.L.},
  isbn={9781846288937},
  lccn={2007928319},
  series={Advances in Industrial Control},
  url={https://books.google.com/books?id=YQQAE1u4m6sC},
  year={2007},
  publisher={Springer London}
}
